[gd_scene load_steps=7 format=2]

[ext_resource path="res://src/button.tscn" type="PackedScene" id=1]
[ext_resource path="res://src/font_small.tres" type="DynamicFont" id=2]
[ext_resource path="res://src/fade.tscn" type="PackedScene" id=3]

[sub_resource type="GDScript" id=1]
script/source = "extends Control

const GAME = preload(\"res://src/game.tscn\")
const ABOUT = preload(\"res://src/about.tscn\")
const STATS = preload(\"res://src/stats_page.tscn\")

func _ready():
	var gamemode := Stats.get_current_gamemode()
	var speed := $VBoxContainer/Settings/Speed
	var columns := $VBoxContainer/Settings/Columns
	columns.get_node(str(gamemode.columns)).toggle_on_now()
	speed.get_node(str(gamemode.difficulty)).toggle_on_now()

	_update_high_score()

func _on_play() -> void:
	get_tree().change_scene_to(GAME)

func _on_change_difficulty(pressed: bool, difficulty: int) -> void:
	if not pressed: return

	var gamemode := Stats.get_current_gamemode()
	Stats.set_current_gamemode(Stats.Gamemode.new(
		difficulty,
		gamemode.columns
	))

	self._update_high_score()

func _on_change_columns(pressed: bool, columns: int) -> void:
	if not pressed: return

	var gamemode := Stats.get_current_gamemode()
	Stats.set_current_gamemode(Stats.Gamemode.new(
		gamemode.difficulty,
		columns
	))

	self._update_high_score()

func _update_high_score() -> void:
	var gamemode := Stats.get_current_gamemode()
	if Stats.get_games_played(gamemode):
		var score := Stats.get_high_score(gamemode)
		$VBoxContainer/HighScore.text = \"High score: %s\" % score
	else:
		$VBoxContainer/HighScore.text = \"Never played\"

func _show_about() -> void:
	get_tree().change_scene_to(ABOUT)

func _show_stats() -> void:
	get_tree().change_scene_to(STATS)
"

[sub_resource type="ButtonGroup" id=2]
resource_name = "Speed"

[sub_resource type="ButtonGroup" id=3]
resource_name = "Columns"

[node name="Menu" type="Control"]
anchor_right = 1.0
anchor_bottom = 1.0
script = SubResource( 1 )
__meta__ = {
"_edit_use_anchors_": false
}

[node name="VBoxContainer" type="VBoxContainer" parent="."]
anchor_right = 1.0
anchor_bottom = 1.0

[node name="Play" parent="VBoxContainer" instance=ExtResource( 1 )]
margin_right = 320.0
text = "Play!"
color = Color( 1, 0.4, 0, 1 )

[node name="Settings" type="HBoxContainer" parent="VBoxContainer"]
margin_top = 89.0
margin_right = 320.0
margin_bottom = 386.0
alignment = 1

[node name="Speed" type="VBoxContainer" parent="VBoxContainer/Settings"]
margin_right = 158.0
margin_bottom = 297.0
size_flags_horizontal = 3

[node name="Label" type="Label" parent="VBoxContainer/Settings/Speed"]
margin_right = 158.0
margin_bottom = 30.0
custom_fonts/font = ExtResource( 2 )
text = "Speed"
align = 1

[node name="0" parent="VBoxContainer/Settings/Speed" instance=ExtResource( 1 )]
margin_top = 34.0
margin_right = 158.0
margin_bottom = 119.0
toggle_mode = true
group = SubResource( 2 )
text = "Slow"
color = Color( 0, 1, 0, 1 )
is_radio = true

[node name="1" parent="VBoxContainer/Settings/Speed" instance=ExtResource( 1 )]
margin_top = 123.0
margin_right = 158.0
margin_bottom = 208.0
toggle_mode = true
group = SubResource( 2 )
text = "Medium"
color = Color( 1, 1, 0, 1 )
is_radio = true

[node name="2" parent="VBoxContainer/Settings/Speed" instance=ExtResource( 1 )]
margin_top = 212.0
margin_right = 158.0
margin_bottom = 297.0
toggle_mode = true
group = SubResource( 2 )
text = "Fast"
color = Color( 1, 0, 0, 1 )
is_radio = true

[node name="Columns" type="VBoxContainer" parent="VBoxContainer/Settings"]
margin_left = 162.0
margin_right = 320.0
margin_bottom = 297.0
size_flags_horizontal = 3

[node name="Label" type="Label" parent="VBoxContainer/Settings/Columns"]
margin_right = 158.0
margin_bottom = 30.0
custom_fonts/font = ExtResource( 2 )
text = "Columns"
align = 1

[node name="4" parent="VBoxContainer/Settings/Columns" instance=ExtResource( 1 )]
margin_top = 34.0
margin_right = 158.0
margin_bottom = 119.0
toggle_mode = true
group = SubResource( 3 )
text = "4"
color = Color( 0, 1, 1, 1 )
is_radio = true

[node name="5" parent="VBoxContainer/Settings/Columns" instance=ExtResource( 1 )]
margin_top = 123.0
margin_right = 158.0
margin_bottom = 208.0
toggle_mode = true
group = SubResource( 3 )
text = "5"
color = Color( 0, 0, 1, 1 )
is_radio = true

[node name="6" parent="VBoxContainer/Settings/Columns" instance=ExtResource( 1 )]
margin_top = 212.0
margin_right = 158.0
margin_bottom = 297.0
toggle_mode = true
group = SubResource( 3 )
text = "6"
color = Color( 1, 0, 1, 1 )
is_radio = true

[node name="HighScore" type="Label" parent="VBoxContainer"]
margin_top = 390.0
margin_right = 320.0
margin_bottom = 420.0
custom_fonts/font = ExtResource( 2 )
align = 1

[node name="Control" type="Control" parent="VBoxContainer"]
margin_top = 424.0
margin_right = 320.0
margin_bottom = 511.0
size_flags_vertical = 3

[node name="HBoxContainer2" type="HBoxContainer" parent="VBoxContainer"]
margin_top = 515.0
margin_right = 320.0
margin_bottom = 600.0

[node name="Button" parent="VBoxContainer/HBoxContainer2" instance=ExtResource( 1 )]
margin_right = 158.0
size_flags_horizontal = 3
text = "About"
color = Color( 0, 1, 0.439216, 1 )

[node name="Button2" parent="VBoxContainer/HBoxContainer2" instance=ExtResource( 1 )]
margin_left = 162.0
margin_right = 320.0
size_flags_horizontal = 3
text = "Stats"
color = Color( 0.733333, 1, 0, 1 )

[node name="Fade" parent="." instance=ExtResource( 3 )]
mode = 1
color = Color( 0, 0, 1, 1 )
[connection signal="anim_done" from="VBoxContainer/Play" to="." method="_on_play"]
[connection signal="toggled" from="VBoxContainer/Settings/Speed/0" to="." method="_on_change_difficulty" binds= [ 0 ]]
[connection signal="toggled" from="VBoxContainer/Settings/Speed/1" to="." method="_on_change_difficulty" binds= [ 1 ]]
[connection signal="toggled" from="VBoxContainer/Settings/Speed/2" to="." method="_on_change_difficulty" binds= [ 2 ]]
[connection signal="toggled" from="VBoxContainer/Settings/Columns/4" to="." method="_on_change_columns" binds= [ 4 ]]
[connection signal="toggled" from="VBoxContainer/Settings/Columns/5" to="." method="_on_change_columns" binds= [ 5 ]]
[connection signal="toggled" from="VBoxContainer/Settings/Columns/6" to="." method="_on_change_columns" binds= [ 6 ]]
[connection signal="anim_done" from="VBoxContainer/HBoxContainer2/Button" to="." method="_show_about"]
[connection signal="anim_done" from="VBoxContainer/HBoxContainer2/Button2" to="." method="_show_stats"]
